<?xml version="1.0" encoding="UTF-8"?><collection xmlns="http://www.loc.gov/MARC21/slim"><record><leader>00589nam--2200181-i-4500</leader><controlfield tag="001">000006461</controlfield><controlfield tag="002">20161230</controlfield><controlfield tag="005">20161230201026</controlfield><controlfield tag="008">060222s1000------------r-----000-0-eng-d</controlfield><datafield ind1=" " ind2=" " tag="040"><subfield code="a">IFIN-HH</subfield></datafield><datafield ind1=" " ind2=" " tag="080"><subfield code="a">523.85</subfield></datafield><datafield ind1="1" ind2=" " tag="100"><subfield code="a">Woltjer, L</subfield></datafield><datafield ind1="1" ind2="0" tag="245"><subfield code="a">The distribution and motion of interstellar matter in galaxies</subfield><subfield code="b">Proceedings of a conference new jersey april 10 to 20, 1961</subfield><subfield code="c">L. woltjer (ed.)</subfield></datafield><datafield ind1=" " ind2=" " tag="260"><subfield code="a">New York</subfield><subfield code="b">W.A.Benjamin, Inc</subfield><subfield code="c">1962</subfield></datafield><datafield ind1=" " ind2=" " tag="300"><subfield code="a">XIII+326P</subfield></datafield><datafield ind1=" " ind2=" " tag="490"><subfield code="a">Benjamin Books In The Planetary And Earth Sciences</subfield></datafield><datafield ind1=" " ind2=" " tag="852"><subfield code="a">19039</subfield><subfield code="c">523</subfield></datafield><datafield ind1=" " ind2=" " tag="CAT"><subfield code="a">Sys</subfield><subfield code="c">20130828</subfield><subfield code="h">145735</subfield></datafield></record></collection>